
@techreport{gage1992command,
	title={Command control for many-robot systems},
	author={Gage, Douglas W},
	year={1992},
	institution={Naval Command Control and Ocean Surveillance Center Rdt And E Div San Diego CA}
}
@inproceedings{chen2007designing,
	title={Designing localized algorithms for barrier coverage},
	author={Chen, Ai and Kumar, Santosh and Lai, Ten H},
	booktitle={Proceedings of the 13th annual ACM international conference on Mobile computing and networking},
	pages={63--74},
	year={2007},
	organization={ACM}
}
@inproceedings{kumar2005barrier,
	title={Barrier coverage with wireless sensors},
	author={Kumar, Santosh and Lai, Ten H and Arora, Anish},
	booktitle={Proceedings of the 11th annual international conference on Mobile computing and networking},
	pages={284--298},
	year={2005},
	organization={ACM}
}
@inproceedings{liu2008strong,
	title={Strong barrier coverage of wireless sensor networks},
	author={Liu, Benyuan and Dousse, Olivier and Wang, Jie and Saipulla, Anwar},
	booktitle={Proceedings of the 9th ACM international symposium on Mobile ad hoc networking and computing},
	pages={411--420},
	year={2008},
	organization={ACM}
}
@inproceedings{chen2008measuring,
	title={Measuring and guaranteeing quality of barrier-coverage in wireless sensor networks},
	author={Chen, Ai and Lai, Ten H and Xuan, Dong},
	booktitle={Proceedings of the 9th ACM international symposium on Mobile ad hoc networking and computing},
	pages={421--430},
	year={2008},
	organization={ACM}
}
@inproceedings{saipulla2009barrier,
	title={Barrier coverage of line-based deployed wireless sensor networks},
	author={Saipulla, Anwar and Westphal, Cedric and Liu, Benyuan and Wang, Jie},
	booktitle={IEEE INFOCOM 2009},
	pages={127--135},
	year={2009},
	organization={IEEE}
}
@inproceedings{yang2009barrier,
	title={Barrier information coverage with wireless sensors},
	author={Yang, Guanqun and Qiao, Daji},
	booktitle={IEEE INFOCOM 2009},
	pages={918--926},
	year={2009},
	organization={IEEE}
}
@incollection{djidjev2012dynamic,
	title={Dynamic Coverage Problems in Sensor Networks},
	author={Djidjev, Hristo and Potkonjak, Miodrag and Hu, F and Hao, Q},
	booktitle={Intelligent Sensor Networks: The Integration of Sensor Networks, Signal Processing and Machine Learning},
	pages={459--477},
	year={2012},
	publisher={CRC Press}
}
@article{tseng2012k,
	title={$ k $-Angle Object Coverage Problem in a Wireless Sensor Network},
	author={Tseng, Yu-Chee and Chen, Po-Yu and Chen, Wen-Tsuen},
	journal={IEEE Sensors Journal},
	volume={12},
	number={12},
	pages={3408--3416},
	year={2012},
	publisher={IEEE}
}
@article{li2016novel,
	title={A novel energy-efficient k-Coverage algorithm based on probability driven mechanism of wireless sensor networks},
	author={Li, Chuanfeng and Sun, Zeyu and Wang, Huihui and Song, Houbing},
	journal={International Journal of Distributed Sensor Networks},
	volume={12},
	number={4},
	pages={7474926},
	year={2016},
	publisher={SAGE Publications Sage UK: London, England}
}
@inproceedings{wang2011full,
	title={On full-view coverage in camera sensor networks},
	author={Wang, Yi and Cao, Guohong},
	booktitle={2011 Proceedings IEEE INFOCOM},
	pages={1781--1789},
	year={2011},
	organization={IEEE}
}
@inproceedings{wang2011barrier,
	title={Barrier coverage in camera sensor networks},
	author={Wang, Yi and Cao, Guohong},
	booktitle={Proceedings of the Twelfth ACM International Symposium on Mobile Ad Hoc Networking and Computing},
	pages={12},
	year={2011},
	organization={ACM}
}
@inproceedings{ma2012minimum,
	title={Minimum camera barrier coverage in wireless camera sensor networks},
	author={Ma, Huan and Yang, Meng and Li, Deying and Hong, Yi and Chen, Wenping},
	booktitle={2012 Proceedings IEEE INFOCOM},
	pages={217--225},
	year={2012},
	organization={IEEE}
}
@inproceedings{ma2012minimum,
	title={Minimum camera barrier coverage in wireless camera sensor networks},
	author={Ma, Huan and Yang, Meng and Li, Deying and Hong, Yi and Chen, Wenping},
	booktitle={2012 Proceedings IEEE INFOCOM},
	pages={217--225},
	year={2012},
	organization={IEEE}
}
@inproceedings{shih2010barrier,
	title={On barrier coverage in wireless camera sensor networks},
	author={Shih, Kuei-Ping and Chou, Chien-Min and Liu, I-Hsin and Li, Chun-Chih},
	booktitle={2010 24th IEEE International Conference on Advanced Information Networking and Applications},
	pages={873--879},
	year={2010},
	organization={IEEE}
}
@article{manoufali2016effect,
	title={Effect of realistic sea surface movements in achieving full-view coverage camera sensor network},
	author={Manoufali, Mohamed and Kong, Peng-Yong and Jimaa, Shihab},
	journal={International Journal of Communication Systems},
	volume={29},
	number={6},
	pages={1091--1115},
	year={2016},
	publisher={Wiley Online Library}
}
@article{wu2017node,
	title={Node scheduling strategies for achieving full-view area coverage in camera sensor networks},
	author={Wu, Peng-Fei and Xiao, Fu and Sha, Chao and Huang, Hai-Ping and Wang, Ru-Chuan and Xiong, Nai-Xue},
	journal={Sensors},
	volume={17},
	number={6},
	pages={1303},
	year={2017},
	publisher={Multidisciplinary Digital Publishing Institute}
}
@article{liu2018full,
	title={Full-view barrier coverage in mobile camera sensor networks},
	author={Liu, Xiaolan and Yang, Bin and Chen, Guilin},
	journal={Wireless Networks},
	pages={1--12},
	year={2018},
	publisher={Springer}
}
@article{xu2016minimum,
	title={Minimum (k, $\omega$)-angle barrier coverage in wireless camera sensor networks.},
	author={Xu, Biaofei and Zhu, Yuqing and Li, Deying and Kim, Donghyun and Wu, Weili},
	journal={IJSNet},
	volume={21},
	number={3},
	pages={179--188},
	year={2016},
	publisher={Citeseer}
}
