@article{guvensan2011coverage,
  title="On coverage issues in directional sensor networks: A survey",
  journal="Ad Hoc Networks", 
  volume="9",
  number="7",
  pages="1238--1255",
  year="2011",
 author="M.A. Guvensan and A. G.{ Yavuz.}"
}

@article{akyildiz2007survey,
  title="A survey on wireless multimedia sensor networks",
   journal="Computer networks",
  volume="51",
  number="4",
  pages="921--960",
  year="2007",
   author="I.F. Akyildiz and T. Melodia and K.R. {Chowdhury.}"
}

@article{soro2005coverage,
  title="On the coverage problem in video-based wireless sensor networks",
journal="2nd International Conference on Broadband Networks",
volume=" ",
number=" ",
pages="932--939",
year="2005",
author="S. Soro and W.B. {Heinzelman.}"
}

@article{ma2005coverage,
  title="On coverage problems of directional sensor networks",
 journal="International Conference on Mobile Ad-Hoc and Sensor Networks",
volume=" ",
number=" ",  
pages="721--731",
year="2005",
 author="H. Ma and Y. { Liu.}"
}

@article{ai2006coverage,
  title="Coverage by directional sensors in randomly deployed wireless sensor networks",
   journal="Journal of Combinatorial Optimization",
  volume="11"
  number="1",
  pages="21--41",
  year="2006",
author="J. Ai and A.A. {Abouzeid.}"
}

@article{chang2006collaborative,
  title="Collaborative face orientation detection in wireless image sensor networks",
  journal="Proceedings of ACM SenSys Workshop on Distributed Smart Cameras",
volume=" ",
number=" ",   
 page=" ",
year="2006",
  author="C. C. Chang and H. {Aghajan.}"
}

@article{blanz2005face,
  title="Face recognition based on frontal views generated from non-frontal images",
  journal=" IEEE Computer Society Conference on Computer Vision and Pattern Recognition (CVPR'05)",
  volume="2",
number=" ",
  pages="454--461",
  year="2005",
 author="V. Blanz and P. Grother and P.J.  Phillips and T. {Vetter.}"
}

@article{wang2011barrier,
  title="Barrier coverage in camera sensor networks",
  journal="Proceedings of the Twelfth ACM International Symposium on Mobile Ad Hoc Networking and Computing",
volume=" ",
number=" ",    
 pages="12",
  year="2011",
  author="Y. Wang and G. {Cao.}"
}

@article{wang2013achieving,
  title="Achieving full-view coverage in camera sensor networks",
  journal="ACM Transactions on Sensor Networks (ToSN)",
  volume="10",
  number="1",
  pages="3",
  year="2013",
  author="Y. Wang and G. {Cao.}"
}

@article{ma2012minimum,
  title="Minimum camera barrier coverage in wireless camera sensor networks",
 journal="Proceedings IEEE INFOCOM",
volume=" ",
number=" ", 
 pages="217--225",
 year="2012",
  author="H. Ma and M. Yang and D. Li and Y.  Hong and W. {Chen.}"
}
@inproceedings{wu2012achieving,
  title="Achieving full view coverage with randomly-deployed heterogeneous camera sensors",
 journal=" IEEE 32nd International Conference on Distributed Computing Systems",
volume=" ",
number=" ",   
pages="556--565",
  year="2012",
author="Y. Wu and X. {Wang.}"
}
@article{xu2016minimum,
  title="Minimum (k, $\omega$)-angle barrier coverage in wireless camera sensor networks.",
  journal="IJSNet",
  volume="21",
  number="3",
  pages="179--188",
  year="2016",
author="B. Xui and Y. Zhu and D. Li and D. Kim and W. {Wi.}"
}

@article{binh2016heuristic,
  title="Heuristic algorithm for finding maximal breach path in wireless sensor network with omnidirectional sensors",
journal="IEEE Region 10 Humanitarian Technology Conference (R10-HTC)",
volume=" ",
number=" ",    
 pages="1--6",
  year="2016",
  author="H. T. T. Binh and N. T. M.  Binh and N. H. Hoang and P. A. {Tu.}",
}

@article{binh2017genetic,
  title="Genetic algorithm for solving minimal exposure path in mobile sensor networks",
 journal="IEEE Symposium Series on Computational Intelligence (SSCI)",
volume=" ",
number=" ",      
pages="1--8",
  year="2017",
 author="N. T. M. Binh and C. M. Thang and N. D. Nghia and H. T. T. {Binh.}"
}

@article{binh2019efficient,
  title="Efficient approximation approaches to minimal exposure path problem in probabilistic coverage model for wireless sensor networks",
journal="Applied Soft Computing",
volume="76",
number=" ",
pages="726--743",
year="2019",
  author="H. T. T. Binh and N. T. M. Binh and N. H. Ngoc and D. T. H.Ly and N. D. {Nghia.}",
}

@article{adriaens2006optimal,
  title="Optimal worst-case coverage of directional field-of-view sensor networks",
  journal="3rd Annual IEEE Communications Society on Sensor and Ad Hoc Communications and Networks",
  volume="1",
number=" ", 
 pages="336--345",
  year="2006",
 author="J. Adriaens and S. Megerian and M. {Potkonjak.}"
}

@article{chen2008measuring,
  title="Measuring and guaranteeing quality of barrier-coverage in wireless sensor networks",
journal="Proceedings of the 9th ACM international symposium on Mobile ad hoc networking and computing",
volume=" ",
number=" ",     
pages="421--430",
year="2008", 
author="A. Chen and T. H. Lai and D. {Xuan.}"
}

@article{skraba2007energy,
  title="Energy efficient intrusion detection in camera sensor networks",
journal="International Conference on Distributed Computing in Sensor Systems",
volume=" ",
number=" ",   
pages="309--323",
year="2007",
 author="Skraba, Primoz and Guibas, Leonidas",
}

@article{tseng2012k,
  title="$ k $-Angle Object Coverage Problem in a Wireless Sensor Network",
  journal="IEEE Sensors Journal",
  volume="12",
  number="12",
  pages="3408--3416",
  year="2012",
 author="Y. C. Tseng and P. Y. Chen and W. T. {Chen.}"
}

@article{makhoul2009adaptive,
  title="Adaptive scheduling of wireless video sensor nodes for surveillance applications",
journal="Proceedings of the 4th ACM workshop on Performance monitoring and measurement of heterogeneous wireless and wired networks",
  pages="54--60",
  year="2009",
  author="Makhoul, Abdallah and Saadi, Rachid and Pham, Congduc",
}

@article{aurenhammer1991voronoi,
  title="Voronoi diagramsâ€”a survey of a fundamental geometric data structure",
  journal="ACM Computing Surveys (CSUR)",
  volume="23",
  number="3",
  pages="345--405",
  year="1991",
  author="F. {Aurenhammer.}
}